<?xml version="1.0" encoding="UTF-8"?><record xmlns="http://www.loc.gov/MARC21/slim" xmlns:cinclude="http://apache.org/cocoon/include/1.0" xmlns:zs="http://www.loc.gov/zing/srw/">
  <leader>00807cz  a2200205n  4500</leader>
  <controlfield tag="001">n  85186076 </controlfield>
  <controlfield tag="003">DLC</controlfield>
  <controlfield tag="005">20000610065330.0</controlfield>
  <controlfield tag="008">861119n| acannaabn          |a aaa      </controlfield>
  <datafield tag="010" ind1=" " ind2=" ">
    <subfield code="a">n  85186076 </subfield>
    <subfield code="z">n  86101254 </subfield>
  </datafield>
  <datafield tag="035" ind1=" " ind2=" ">
    <subfield code="a">(OCoLC)oca01751298</subfield>
  </datafield>
  <datafield tag="040" ind1=" " ind2=" ">
    <subfield code="a">DLC</subfield>
    <subfield code="b">eng</subfield>
    <subfield code="c">DLC</subfield>
    <subfield code="d">DLC</subfield>
    <subfield code="d">OCoLC</subfield>
  </datafield>
  <datafield tag="100" ind1="0" ind2=" ">
    <subfield code="a">Abd. Rachman H. A.</subfield>
    <subfield code="q">(Abd. Rachman Hadji Achmad)</subfield>
  </datafield>
  <datafield tag="400" ind1="0" ind2=" ">
    <subfield code="a">Abdul Rachman Hadji Achmad</subfield>
  </datafield>
  <datafield tag="400" ind1="1" ind2=" ">
    <subfield code="w">nna</subfield>
    <subfield code="a">Achmad, Abdul Rachman Hadji</subfield>
  </datafield>
  <datafield tag="400" ind1="0" ind2=" ">
    <subfield code="a">Abd. Rakhman H. A.</subfield>
    <subfield code="q">(Abd. Rakhman Haji Akhmad)</subfield>
  </datafield>
  <datafield tag="400" ind1="1" ind2=" ">
    <subfield code="a">A., Abd. Rachman H.</subfield>
    <subfield code="q">(Abd. Rachman Haji Achmad)</subfield>
  </datafield>
  <datafield tag="400" ind1="1" ind2=" ">
    <subfield code="a">H. A., Abd. Rachman</subfield>
    <subfield code="q">(Abd. Rachman Hadji Achmad)</subfield>
  </datafield>
  <datafield tag="670" ind1=" " ind2=" ">
    <subfield code="a">Sistem morfologi kata kerja bahasa Bima, 1985:</subfield>
    <subfield code="b">t.p. (Abd. Rachman H.A.)</subfield>
  </datafield>
  <datafield tag="670" ind1=" " ind2=" ">
    <subfield code="a">LC data base, 11/6/86</subfield>
    <subfield code="b">(hdg.: Achmad, Abdul Rachman Hadji; usage: Abd. Rachman H.A.)</subfield>
  </datafield>
</record>